<?xml version="1.0" encoding="UTF-8"?><collection xmlns="http://www.loc.gov/MARC21/slim"><record><leader>00421nam--2200133-i-4500</leader><controlfield tag="001">000020539</controlfield><controlfield tag="002">20161230</controlfield><controlfield tag="005">20161230201033</controlfield><controlfield tag="008">060222s1000------------r-----000-0-eng-d</controlfield><datafield ind1=" " ind2=" " tag="080"><subfield code="a">544.773.43(043)</subfield></datafield><datafield ind1=" " ind2=" " tag="100"><subfield code="a">Dragusin Mitica</subfield></datafield><datafield ind1=" " ind2=" " tag="245"><subfield code="a">Studiul obtinerii hidrogelurilor cu proprietati dirijate prin polimerizare indusa de radiatii gamma rezumatul tezei de doctorat</subfield></datafield><datafield ind1=" " ind2=" " tag="260"><subfield code="a">Bucuresti, Ifa, 1995 50 P</subfield></datafield><datafield ind1=" " ind2=" " tag="852"><subfield code="a">80465</subfield></datafield></record></collection>